% bmc_article.bib
% 
%  An example of bibtex entries.
%  Entries taken from BMC instructions for authors page.
	

% Article within a journal
@ARTICLE{Venn1880,
	author  = {John Venn}, 
	title   = {On the Diagrammatic and Mechanical Representation of Propositions and Reasonings.}, 
	journal = {Philosophical Magazine and Journal of Science}, 
	year    = {1880},
	volume  = {9}, 
	pages   = {1-18}
}

@ARTICLE{Hulsen2008,
	author  = {Tim Hulsen and Jacob de Vlieg and Wynand Alkema}, 
	title   = {BioVenn – a web application for the comparison and visualization of biological lists using area-proportional Venn diagrams}, 
	journal = {BMC Genomics}, 
	year    = {2008},
	volume  = {9}, 
	pages   = {488}
}

@ARTICLE{Bianchia2013,
	author  = {L. Bianchia, A. Gagliardia, G. Campanellab, C. Landia, A. Capaldoc, A. Carleod, A. Arminia, V. De Leoe, P. Piombonif, R. Focarellic, L. Binia}, 
	title   = {A methodological and functional proteomic approach of human follicular fluid en route for oocyte quality evaluation.}, 
	journal = {Journal of Proteomics}, 
	year    = {2013},
	volume  = {90}, 
	pages   = {61–76}
}

@ARTICLE{Aravindraja2013,
	author  = {Chairmandurai Aravindraja, Dharmaprakash Viszwapriya, Shunmugiah Karutha Pandian}, 
	title   = {Ultradeep 16S rRNA Sequencing Analysis of Geographically Similar but Diverse Unexplored Marine Samples Reveal Varied Bacterial Community Composition.}, 
	journal = {PLOS one}, 
	year    = {2013}
}

%%%%%%%%
% Webpage Link / URL
%
@webpage{jquery,
	title  = {The write less, do more javascript library.},
	url = {http://jquery.com/}
}

@webpage{venny,
	title  = {An interactive tool for comparing lists with Venn Diagrams.},
	url = {http://bioinfogp.cnb.csic.es/tools/venny/index.html}
}

@webpage{canvasxpress,
	title  = {The canvasxpress venn diagram functionalities.},
	url = {http://canvasxpress.org/venn.html}
}
